<record><leader>00000cas a2200000 a 4500</leader><controlfield tag="001">16687469</controlfield><controlfield tag="008">870915c19869999nyuwr ne      0   a0eng c</controlfield><datafield ind1=" " ind2=" " tag="010"><subfield code="a">sn 87001895 </subfield></datafield><datafield ind1=" " ind2=" " tag="040"><subfield code="a">NSD</subfield><subfield code="b">eng</subfield><subfield code="c">NSD</subfield><subfield code="d">NYS</subfield><subfield code="d">OCLCQ</subfield><subfield code="d">OCLCF</subfield><subfield code="d">OCLCO</subfield></datafield><datafield ind1=" " ind2=" " tag="012"><subfield code="m">1</subfield></datafield><datafield ind1="1" ind2=" " tag="022"><subfield code="a">0895-5476</subfield><subfield code="l">0895-5476</subfield><subfield code="2">1</subfield></datafield><datafield ind1="1" ind2=" " tag="029"><subfield code="a">AU@</subfield><subfield code="b">000025821535</subfield></datafield><datafield ind1=" " ind2=" " tag="032"><subfield code="a">346720</subfield><subfield code="b">USPS</subfield></datafield><datafield ind1=" " ind2=" " tag="037"><subfield code="b">Long Island Community Newspapers, Inc., PO Box 1578, Mineola, NY 11501</subfield></datafield><datafield ind1=" " ind2=" " tag="042"><subfield code="a">nsdp</subfield><subfield code="a">pcc</subfield></datafield><datafield ind1=" " ind2=" " tag="043"><subfield code="a">n-us-ny</subfield></datafield><datafield ind1=" " ind2="0" tag="222"><subfield code="a">Hicksville illustrated news</subfield></datafield><datafield ind1="0" ind2="0" tag="245"><subfield code="a">Hicksville illustrated news.</subfield></datafield><datafield ind1="3" ind2="0" tag="246"><subfield code="a">Hicksville news</subfield></datafield><datafield ind1=" " ind2=" " tag="260"><subfield code="a">Mineola, N.Y. :</subfield><subfield code="b">Anton Community Newspapers of Long Island,</subfield><subfield code="c">1986-</subfield></datafield><datafield ind1=" " ind2=" " tag="300"><subfield code="a">v.</subfield></datafield><datafield ind1=" " ind2=" " tag="310"><subfield code="a">Weekly</subfield></datafield><datafield ind1="1" ind2=" " tag="362"><subfield code="a">Vol. 1, no. 1 (June 6, 1986)-</subfield></datafield><datafield ind1=" " ind2=" " tag="500"><subfield code="a">"Incorporating the Hicksville edition of the Mid-island herald," June 18, 1987-&lt;1991&gt;.</subfield></datafield><datafield ind1=" " ind2="0" tag="651"><subfield code="a">Mineola (N.Y.)</subfield><subfield code="v">Newspapers.</subfield></datafield><datafield ind1=" " ind2="0" tag="651"><subfield code="a">Hicksville (N.Y.)</subfield><subfield code="v">Newspapers.</subfield></datafield><datafield ind1=" " ind2="0" tag="651"><subfield code="a">Nassau County (N.Y.)</subfield><subfield code="v">Newspapers.</subfield></datafield><datafield ind1=" " ind2="7" tag="655"><subfield code="a">Newspapers.</subfield><subfield code="2">fast</subfield><subfield code="0">(OCoLC)fst01423814</subfield></datafield><datafield ind1=" " ind2="7" tag="651"><subfield code="a">New York (State)</subfield><subfield code="z">Hicksville.</subfield><subfield code="2">fast</subfield><subfield code="0">(OCoLC)fst01221921</subfield></datafield><datafield ind1=" " ind2="7" tag="651"><subfield code="a">New York (State)</subfield><subfield code="z">Mineola.</subfield><subfield code="2">fast</subfield><subfield code="0">(OCoLC)fst01223780</subfield></datafield><datafield ind1=" " ind2="7" tag="651"><subfield code="a">New York (State)</subfield><subfield code="z">Nassau County.</subfield><subfield code="2">fast</subfield><subfield code="0">(OCoLC)fst01205518</subfield></datafield><datafield ind1=" " ind2=" " tag="752"><subfield code="a">United States</subfield><subfield code="b">New York</subfield><subfield code="c">Nassau</subfield><subfield code="d">Mineola.</subfield></datafield><datafield ind1=" " ind2=" " tag="752"><subfield code="a">United States</subfield><subfield code="b">New York</subfield><subfield code="c">Nassau</subfield><subfield code="d">Hicksville.</subfield></datafield><datafield ind1="0" ind2="5" tag="780"><subfield code="t">Mid-island Hicksville herald (Hicksville, N.Y. : 1984)</subfield><subfield code="g">1987</subfield><subfield code="x">8756-2065</subfield><subfield code="w">(DLC)sn 8402158</subfield><subfield code="w">(OCoLC)11487912</subfield></datafield><datafield ind1=" " ind2=" " tag="936"><subfield code="a">Vol. 1, no. 31 (Jan. 1, 1987) LIC</subfield></datafield></record>